01REMESSA01COBRANCA                      TESTETESTE PESSOA                  010Banco Bankpar S040922        MX0000005                                                                                                                                                                                                                                                                                                                                 000001
1                   02            AA GRUY9UOIBPELM50CBT412V1FU000       19NJYX2AS90000000000                0189E1Q1HAPH2710220000000021314        01 040922   02                     QR01NCLS5C0000000005145             0281374567000120Lenufon Farafapi                        Rua: Pebugo Cipadufu                                93324880Citecer Rocetofa                              72243227000179SBYATLVGTC75U1G5JWQSQHSHLPC7MT1R8RWKLT3SIE1B000002
1                   02            AA VUD5T8LUPXQWI7IO282E3DUAW000       HL4XUJ51BI0000000000                0189E1Q1HAPH2510220000000053019        01 040922   02                     PQYSALV3JX0000000017051             0281374567000120Lenufon Farafapi                        Rua: Pebugo Cipadufu                                93324880Citecer Rocetofa                              72243227000179RCHXRINJ2TWCBSCOCD0Q5QYLB6UN9A8TNHO53A8W7OKF000003
9                                                                                                                                                                                                                                                                                                                                                                                                                                                     000102
