01REMESSA01COBRANCA                      TESTETESTE PESSOA                  010Banco Bankpar S040922        MX0000005                                                                                                                                                                                                                                                                                                                                 000001
1                   02            AA GRUY9UOIBPELM50CBT412V1FU000       19NJYX2AS90000000000                0189E1Q1HAPH2710220000000021314        01 040922   02                     QR01NCLS5C0000000005145             0281374567000120Lenufon Farafapi                        Rua: Pebugo Cipadufu                                93324880Citecer Rocetofa                              72243227000179SBYATLVGTC75U1G5JWQSQHSHLPC7MT1R8RWKLT3SIE1B000002
1                   02            AA VUD5T8LUPXQWI7IO282E3DUAW000       HL4XUJ51BI0000000000                0189E1Q1HAPH2510220000000053019        01 040922   02                     PQYSALV3JX0000000017051             0281374567000120Lenufon Farafapi                        Rua: Pebugo Cipadufu                                93324880Citecer Rocetofa                              72243227000179RCHXRINJ2TWCBSCOCD0Q5QYLB6UN9A8TNHO53A8W7OKF000003
1                   02            AA RIDV3KU6HT209DSOUVYJHPDCV000       6C5KE5PXEF0000000000                0189E1Q1HAPH1911220000000011820        01 040922   02                     JQP8N3XQ8I0000000009456             0281374567000120Lenufon Farafapi                        Rua: Pebugo Cipadufu                                93324880Citecer Rocetofa                              72243227000179TR5BO4OHIRMTKRKNYUPOUYHYO8RKG3V8242HFMFN2TTM000004
1                   02            AA X6EXOG2OD4BUFOJBF5JI5NU64000       S2CXY2HVXT0000000000                0189E1Q1HAPH1811220000000009637        01 040922   02                     HW655RLSJ20000000009456             0281374567000120Lenufon Farafapi                        Rua: Pebugo Cipadufu                                93324880Citecer Rocetofa                              72243227000179CEG1WEQHQGHQ64M9710IIOADAWF59KS8LCXQN1CCTGKE000005
1                   02            AA P6OJHXGIWX3QXA0FHRYD9I909000       NC62R8ONT30000000000                0189E1Q1HAPH0411220000000058133        01 040922   02                     HYEOEQERA90000000007710             0281374567000120Lenufon Farafapi                        Rua: Pebugo Cipadufu                                93324880Citecer Rocetofa                              722432270001795DGMVM9FR8TI0LX72QOKCI2U01LP8HFU3022FVYANJG8000006
1                   02            AA 9RPD4B3HF0UABRVJDOAOUHYK2000       3CXEVVEDP90000000000                0189E1Q1HAPH2110220000000009342        01 040922   02                     R99IFW93NO0000000007474             0281374567000120Lenufon Farafapi                        Rua: Pebugo Cipadufu                                93324880Citecer Rocetofa                              722432270001795DWQDX71LHAVXGV7ALKWJ78HLQ6P08JLWMQF32OBVATT000007
1                   02            AA V6FDBH72W84TON002QFX8TC4A000       D4BBB99VKY0000000000                0189E1Q1HAPH0211220000000026013        01 040922   02                     3NIP0V1COS0000000007474             0281374567000120Lenufon Farafapi                        Rua: Pebugo Cipadufu                                93324880Citecer Rocetofa                              722432270001793TAQVVXTY6X8RNPWGJK9W8BMMWHPRKWAOWCN6UEBC56P000008
1                   02            AA FD3RT2PB45UA75SM081OY3XYC000       VHORMHX55M0000000000                0189E1Q1HAPH1311220000000078950        01 040922   02                     YFFOTCR5VT0000000020810             0281374567000120Lenufon Farafapi                        Rua: Pebugo Cipadufu                                93324880Citecer Rocetofa                              72243227000179PT80Q96ATMV44PWNKAB5CAN1XHDVY9HE2NT7I63Q8W8F000009
1                   02            AA JSFFQL8LLUT8QGREHKCL2T3QC000       QF30QNTI4P0000000000                0189E1Q1HAPH2610220000000049900        01 040922   02                     L1JREV5CNF0000000039920             0281374567000120Lenufon Farafapi                        Rua: Pebugo Cipadufu                                93324880Citecer Rocetofa                              72243227000179JYIVVBR85V3NFFXB71AC1PHNQX82J6I41NW3I80CXW6C000010
1                   02            AA CMRXPCWQPJJSPWC41BMHQ9NOK000       KT79SG33000000000000                0189E1Q1HAPH2410220000000035688        01 040922   02                     CC8MUXX3G60000000028550             0281374567000120Lenufon Farafapi                        Rua: Pebugo Cipadufu                                93324880Citecer Rocetofa                              722432270001791N985P8JP9UO84RF1ISLM64VH2SUM24KYUYN8YLLIDAC000011
1                   02            AA W1EA0P8MDB1PBYXFMN5HEFVAI000       PS0EXFDO410000000000                0189E1Q1HAPH0112220000000053362        01 040922   02                     JN78RRH4PA0000000028550             0281374567000120Lenufon Farafapi                        Rua: Pebugo Cipadufu                                93324880Citecer Rocetofa                              722432270001796E3BEIM1NF88NIJ1WX667G808BLKDOKLNEVFN133OH9W000012
1                   02            AA NVF16EFTRO6GMHIOD67HTLFNO000       EAJBAR0B1J0000000000                0189E1Q1HAPH3010220000000005726        01 040922   02                     7MV42MABW50000000004581             0281374567000120Lenufon Farafapi                        Rua: Pebugo Cipadufu                                93324880Citecer Rocetofa                              72243227000179ANW5WBC8IJMD0Q3MHTV8GGWMX8TS2A161DXQEHD5ADFT000013
1                   02            AA HEYMTISQUUV2AOSKM1V08C3SQ000       QO1CASEDN00000000000                0189E1Q1HAPH2110220000000001032        01 040922   02                     7QPI5AK9S70000000000826             0281374567000120Lenufon Farafapi                        Rua: Pebugo Cipadufu                                93324880Citecer Rocetofa                              72243227000179QF4NSLCEQTSYS3OT0JU53ETELQAHQBN8O9RB4LALBMSD000014
1                   02            AA N0X17JLQNJDQU1LO98LPDG3KC000       RJS805IT5M0000000000                0189E1Q1HAPH0511220000000158309        01 040922   02                     N06PNKWFYY0000000000826             0281374567000120Lenufon Farafapi                        Rua: Pebugo Cipadufu                                93324880Citecer Rocetofa                              722432270001799JEKGKC2NPQ8L3WLHWDSX3IPTOIBAH7B1971MQM3CDIJ000015
1                   02            AA 331UQO98S8OQ5IB7BW1UERNHT000       T3X96L22QM0000000000                0189E1Q1HAPH2810220000000020981        01 040922   02                     DVMK8F4GOJ0000000016785             0281374567000120Lenufon Farafapi                        Rua: Pebugo Cipadufu                                93324880Citecer Rocetofa                              72243227000179DEFYS6CGXJPVVKCUU9WTUK21KGINVO8MB9S490D7ONGC000016
1                   02            AA AMVIGX4DJNS7BNI1TYDR5Y7AA000       BTFVVFWO6U0000000000                0189E1Q1HAPH2510220000000032611        01 040922   02                     YPU32KDWLV0000000016785             0281374567000120Lenufon Farafapi                        Rua: Pebugo Cipadufu                                93324880Citecer Rocetofa                              7224322700017970Q4IFYXMYAK6FCGWK3Y1BLM4PP7I2I5RJD33IB2KTQD000017
1                   02            AA E4LT65ACC47TJ7A19R6N40B3Y000       YX5NEGJ75W0000000000                0189E1Q1HAPH2011220000000047374        01 040922   02                     0TWIUHV23S0000000026089             0281374567000120Lenufon Farafapi                        Rua: Pebugo Cipadufu                                93324880Citecer Rocetofa                              72243227000179MQPH9PVSVPI6OFTV1AH5RDWTFSKVGL8Y22IGOTC4TFAU000018
1                   02            AA TUU9PG780UWGFC7UQUDNP85DM000       V46PPRD3AN0000000000                0189E1Q1HAPH1111220000000007044        01 040922   02                     Q5JBVJTW6H0000000005635             0281374567000120Lenufon Farafapi                        Rua: Pebugo Cipadufu                                93324880Citecer Rocetofa                              72243227000179CFWNKPUM6MAICDR6RFI3S4UDFGBK9W6OYP2PXWH2LCC2000019
1                   02            AA QLWV00WPSRWBVTU036M870GT9000       LI21IK7HVS0000000000                0189E1Q1HAPH2211220000000044179        01 040922   02                     2HA788SDCB0000000005635             0281374567000120Lenufon Farafapi                        Rua: Pebugo Cipadufu                                93324880Citecer Rocetofa                              722432270001790M2B5FFA4BFX05492W1HY50S9N9F2W2GI5C7BE9VHKKH000020
1                   02            AA 26RO3K8BVYH38AUKSP9EHVQY0000       S45I5JF1VF0000000000                0189E1Q1HAPH2210220000000002339        01 040922   02                     967W0HXP2N0000000001871             0281374567000120Lenufon Farafapi                        Rua: Pebugo Cipadufu                                93324880Citecer Rocetofa                              72243227000179KNPCCSFDRIA00FPNAOA96V3AJJPWBY6LA74Y68BD8RDC000021
1                   02            AA JRLLROJCB5KPAOYPOKSPKLQKI000       LN1KXILK720000000000                0189E1Q1HAPH0211220000000003209        01 040922   02                     HQMQT9QR390000000001871             0281374567000120Lenufon Farafapi                        Rua: Pebugo Cipadufu                                93324880Citecer Rocetofa                              72243227000179H1XKMII6R0QHCBDR7VCH3KMRJARQT3OBFSGW80Y69TDE000022
1                   02            AA C245D2OUSFBFEAR7TSD88GFC3000       A89N4MAYCQ0000000000                0189E1Q1HAPH1711220000000003782        01 040922   02                     AVB4WDVBFF0000000002567             0281374567000120Lenufon Farafapi                        Rua: Pebugo Cipadufu                                93324880Citecer Rocetofa                              722432270001792LDAD3Y9ENG08IX0YF3JJB11B9BGSQ24D8XJN864IR9Q000023
1                   02            AA 6WB8EGM7ECLNR7DVOI65NKSRY000       73BCEW94CG0000000000                0189E1Q1HAPH0411220000000001293        01 040922   02                     K3Q4KMBSBA0000000001034             0281374567000120Lenufon Farafapi                        Rua: Pebugo Cipadufu                                93324880Citecer Rocetofa                              722432270001793W6BS6SACI3WIBPMXBHLG33XNPF9Y4JSUSGGMGSKEAAH000024
1                   02            AA YNMX90OC9BM9ILBS1AW42Q00S000       WOSUAKU7XL0000000000                0189E1Q1HAPH0112220000000075975        01 040922   02                     4U8ECS3VVW0000000001034             0281374567000120Lenufon Farafapi                        Rua: Pebugo Cipadufu                                93324880Citecer Rocetofa                              72243227000179X2WGVBJMLXHJOHSE8IEBCI8UVHBVN1V72DP9NFB582IH000025
1                   02            AA 46N4U10NN444NU9Y2W7LJF0T1000       IFXYVTF3K50000000000                0189E1Q1HAPH2311220000000057243        01 040922   02                     83UFE1KLLK0000000045794             0281374567000120Lenufon Farafapi                        Rua: Pebugo Cipadufu                                93324880Citecer Rocetofa                              722432270001796CNWNXWMDH4LH3HB88JSSUK58DVMDHLBWC0YUN9D26UP000026
1                   02            AA 52HJHVCQS9GKMTVK31V6T5KES000       POSHNDI5O40000000000                0189E1Q1HAPH2810220000000035274        01 040922   02                     DQ1GF3IL8Q0000000028219             0281374567000120Lenufon Farafapi                        Rua: Pebugo Cipadufu                                93324880Citecer Rocetofa                              72243227000179B522P4MJL4Q7G07IIW09KXLAP2L0FOSKGFHFNM1CKVL4000027
1                   02            AA 7C15GG0WGTNLRU9U3BQHWL4S5000       KT87M2DFST0000000000                0189E1Q1HAPH2711220000000024507        01 040922   02                     062KDPC12M0000000019606             0281374567000120Lenufon Farafapi                        Rua: Pebugo Cipadufu                                93324880Citecer Rocetofa                              72243227000179OXW193J9JBVSOH7Q9T8R5LK8CLUHM4O4X5FEI4UMG4AI000028
1                   02            AA K7A364E9NJEQ59NB03FKPFVUK000       3UVX4SO7K50000000000                0189E1Q1HAPH2211220000000111552        01 040922   02                     CGIP3MNECF0000000019606             0281374567000120Lenufon Farafapi                        Rua: Pebugo Cipadufu                                93324880Citecer Rocetofa                              722432270001799BC1ACTJDRIUUHX2F0AR7LMTK53VXX27FH67QC30K572000029
1                   02            AA NS1ULJKUSYPJ09UNDCGO6G27L000       WXIGJG02DY0000000000                0189E1Q1HAPH1011220000000048098        01 040922   02                     1SFFV9U8OS0000000038478             0281374567000120Lenufon Farafapi                        Rua: Pebugo Cipadufu                                93324880Citecer Rocetofa                              722432270001795MWAU5J479X5R92R6PB5L0HB2BC93LMVAN1HB7WFXMK8000030
1                   02            AA TF845EIDP1TBC43KGFJ8SKD9O000       LJ4AHEDQOA0000000000                0189E1Q1HAPH1911220000000002566        01 040922   02                     EFPWUN6U7T0000000002053             0281374567000120Lenufon Farafapi                        Rua: Pebugo Cipadufu                                93324880Citecer Rocetofa                              722432270001791GTH0N4GNW8KI0B30X1TQ2P919W0K155DOSLM5EUM63W000031
1                   02            AA 3L6Y9AOA26CKGDG3SPDQFNQ03000       AOOWCORSJF0000000000                0189E1Q1HAPH1711220000000021475        01 040922   02                     020AEHKTU50000000002053             0281374567000120Lenufon Farafapi                        Rua: Pebugo Cipadufu                                93324880Citecer Rocetofa                              72243227000179QCNERBQ391T9G3PHPUTPMU4M21A0T0UC9JM63RQTF5SU000032
1                   02            AA BYXSMI777E4003E3EED18TJO3000       6W428B9IDY0000000000                0189E1Q1HAPH0611220000000063242        01 040922   02                     96NVO8IXF00000000017180             0281374567000120Lenufon Farafapi                        Rua: Pebugo Cipadufu                                93324880Citecer Rocetofa                              72243227000179C9F1HB7DLPCBO5HI7X89OMHRJ5CYER56LROJF9DEGEIG000033
1                   02            AA ERXUTNF2G0MIQRGEHC0A3XM8J000       AAGMT9TJN70000000000                0189E1Q1HAPH0312220000000127278        01 040922   02                     TNB8NJ6ITC0000000050594             0281374567000120Lenufon Farafapi                        Rua: Pebugo Cipadufu                                93324880Citecer Rocetofa                              72243227000179Q9YVW1EXUKN1317U42VSWLRWF5ICQ58UPU0K8TI8EO9A000034
1                   02            AA 7U7TL8CDWY3MWCQRP3XVMVC1G000       USKS267K9Q0000000000                0189E1Q1HAPH2410220000000167291        01 040922   02                     5F86E08WTR0000000101822             0281374567000120Lenufon Farafapi                        Rua: Pebugo Cipadufu                                93324880Citecer Rocetofa                              72243227000179II2IYDOUYLGM2EPAN4OS6P4IC0R9CKD9F47WCGQPTBSG000035
1                   02            AA 3ML7MNSJGPMDQE0C3DD3540G0000       3ONVTVAFG50000000000                0189E1Q1HAPH1711220000000058807        01 040922   02                     6MONL0TCIH0000000047046             0281374567000120Lenufon Farafapi                        Rua: Pebugo Cipadufu                                93324880Citecer Rocetofa                              72243227000179CHEXINF18O8F67YDSEA20KYMFUQIJY7EQAHDWHNT9D5T000036
1                   02            AA WSBUWAG479CAM2IG2D33F64OU000       YU243KQEMB0000000000                0189E1Q1HAPH2611220000000006942        01 040922   02                     59NT2M3IXX0000000005554             0281374567000120Lenufon Farafapi                        Rua: Pebugo Cipadufu                                93324880Citecer Rocetofa                              72243227000179KHANIGKAGTYG2SC06KC478GBKF8C48B3K9PT5IBYHK82000037
1                   02            AA IHIO5QFQ7OYEMJ5EP2SL877IM000       SLQ8XWKSS40000000000                0189E1Q1HAPH0312220000000015896        01 040922   02                     63321EYRRC0000000005554             0281374567000120Lenufon Farafapi                        Rua: Pebugo Cipadufu                                93324880Citecer Rocetofa                              72243227000179OOGG5X9J9WNU5Y1PQCPEN7ASVBQKYJL0Y6C1GI2EPJ18000038
1                   02            AA LF0JJVV64SV3EGX2QQ3O7GJMX000       QWQQ3VPYTK0000000000                0189E1Q1HAPH1111220000000131902        01 040922   02                     STDPNTLY380000000012717             0281374567000120Lenufon Farafapi                        Rua: Pebugo Cipadufu                                93324880Citecer Rocetofa                              72243227000179PEYPY2PH3MTC1RN3IEF3UE8JMSHSE2YUL2OXUM2NV3F1000039
1                   02            AA 99XN3V0GSRWXU6M8NJIACKR0P000       7GDASJY26U0000000000                0189E1Q1HAPH1111220000000045960        01 040922   02                     M87OF6LU5Q0000000036768             0281374567000120Lenufon Farafapi                        Rua: Pebugo Cipadufu                                93324880Citecer Rocetofa                              72243227000179CF2BOA6LXE4MRCPMJOW33T0RHHQ66TGFY0CJQO32EU1C000040
1                   02            AA TBA3A5DKP6HJ8HNXOMQRYO7PS000       GP3L7X6QJH0000000000                0189E1Q1HAPH1710220000000001722        01 040922   02                     S9JMVWFTAM0000000001378             0281374567000120Lenufon Farafapi                        Rua: Pebugo Cipadufu                                93324880Citecer Rocetofa                              7224322700017919V76LT5N5L1XLLPBK7HETYS7XWKFGXB68D7XWI46BVU000041
1                   02            AA FJQRJLDMC4TJ6Y8W0C6FR2DXK000       72VRS7RIYY0000000000                0189E1Q1HAPH2710220000000005607        01 040922   02                     3TFSNEIHGN0000000001378             0281374567000120Lenufon Farafapi                        Rua: Pebugo Cipadufu                                93324880Citecer Rocetofa                              72243227000179R6MAWLRCW4JCYUYN327P9GJ3YC8G42U4MOH1PJII0BCJ000042
1                   02            AA D763W811VJ7T23P9AVQR7PKB3000       41R2N2TOL10000000000                0189E1Q1HAPH0112220000000152496        01 040922   02                     MOWJVQR2AW0000000004486             0281374567000120Lenufon Farafapi                        Rua: Pebugo Cipadufu                                93324880Citecer Rocetofa                              72243227000179Y0GT17SSR1JDD95M5DDAB2H8GMBNEJKGBWT77X8DBBN5000043
1                   02            AA 6SOVKRP0J0WC0V3VR7VWQ42DV000       HVPTQD3IIN0000000000                0189E1Q1HAPH1411220000000052953        01 040922   02                     NMS36P7LRI0000000042362             0281374567000120Lenufon Farafapi                        Rua: Pebugo Cipadufu                                93324880Citecer Rocetofa                              72243227000179US96WSO1CHRRRQN0M9OFHXHOPH3QBNLCL2UMCUDPINL2000044
1                   02            AA PIIF0J77NGRUIO4GK60T6KBPQ000       AXHRKL13OF0000000000                0189E1Q1HAPH1711220000000001642        01 040922   02                     COLYYO4PWW0000000001314             0281374567000120Lenufon Farafapi                        Rua: Pebugo Cipadufu                                93324880Citecer Rocetofa                              722432270001790T8AOEHXLBURD51C0U8T9TB0BFJ4HHNVBF6XIO90O9HJ000045
1                   02            AA NEOVOBS116IAKRP0JNADP6W4Y000       DX64O5WR2V0000000000                0189E1Q1HAPH1511220000000014214        01 040922   02                     99MSBP1CC40000000001314             0281374567000120Lenufon Farafapi                        Rua: Pebugo Cipadufu                                93324880Citecer Rocetofa                              72243227000179IQXGK5GLIVYMEHPC8JIV5WAV4N0LFIFJQ125JIJPI3X3000046
1                   02            AA WUBW5BP786QDAEU74D7QYENAX000       7019W7F4BG0000000000                0189E1Q1HAPH2111220000000001727        01 040922   02                     PA54C4PDKS0000000001382             0281374567000120Lenufon Farafapi                        Rua: Pebugo Cipadufu                                93324880Citecer Rocetofa                              722432270001794WE0HL884WEA8851XHYK8G9VWA23GNO94X2KC7Y9GSQI000047
1                   02            AA INTMM0BYBFQQ46DA1VK9MJ2DE000       YNWEK0KFAL0000000000                0189E1Q1HAPH1111220000000089342        01 040922   02                     IODBF7XVE30000000001382             0281374567000120Lenufon Farafapi                        Rua: Pebugo Cipadufu                                93324880Citecer Rocetofa                              72243227000179VM7BWTTIPAE9YGSEM8WTOBLB2FIMS3658XFKYTLXFAC7000048
1                   02            AA ONV9PB0SPMKEUKF68YTI67GOW000       GIN06HNMX40000000000                0189E1Q1HAPH1411220000000050727        01 040922   02                     KB34FFLOGD0000000040582             0281374567000120Lenufon Farafapi                        Rua: Pebugo Cipadufu                                93324880Citecer Rocetofa                              72243227000179WR47OMVVXKBYG63XVOTLWOI7TNSSKA2IUULJKRHTTOUL000049
1                   02            AA 3VTLK1G38D7CAMCJ3XCVCQYIB000       EYDA90HGC00000000000                0189E1Q1HAPH1011220000000095055        01 040922   02                     PAX81E00GC0000000040582             0281374567000120Lenufon Farafapi                        Rua: Pebugo Cipadufu                                93324880Citecer Rocetofa                              722432270001792ERSROBOVTF62B7ADMBO2QH9V3UG7TCWR6VPWHX7GLLH000050
1                   02            AA P3WK1AL6OGLOU35CE0KQNJPAS000       WNJ3YSM5LS0000000000                0189E1Q1HAPH0411220000000139011        01 040922   02                     KFQGBDL6L00000000076044             0281374567000120Lenufon Farafapi                        Rua: Pebugo Cipadufu                                93324880Citecer Rocetofa                              7224322700017947OQ0KMFNMB9D65Q9KTWQC2TKRNBSL7H9KSWX7FQ44TW000051
1                   02            AA 0Y6SLFXVTTB13MX8B5XRD5UOM000       EXUWDWFQCW0000000000                0189E1Q1HAPH2811220000000181295        01 040922   02                     9L808Q9JG40000000111209             0281374567000120Lenufon Farafapi                        Rua: Pebugo Cipadufu                                93324880Citecer Rocetofa                              72243227000179NCEL4HSSIXMQO49D5K1VADA0C6N6U2DD3WX9WYKA7YY3000052
1                   02            AA 2BFJUH4BLQUMBBR2313PJMKD5000       FFMTT3US9D0000000000                0189E1Q1HAPH3011220000000104204        01 040922   02                     0QT01SXDU40000000083363             0281374567000120Lenufon Farafapi                        Rua: Pebugo Cipadufu                                93324880Citecer Rocetofa                              72243227000179LHX1W7R0CB60PU2EL90E1BUFPG0SI28BEC3NG8YMNPM4000053
1                   02            AA NA8PP2JMBWXWHMCCKHMSUQT5U000       L3UQU2YWT20000000000                0189E1Q1HAPH2010220000000023404        01 040922   02                     LAW0SO5MQT0000000018723             0281374567000120Lenufon Farafapi                        Rua: Pebugo Cipadufu                                93324880Citecer Rocetofa                              722432270001792EKO3WTSGQ255IAMX1FAPH331U81LXQVROTDD7IHKH1E000054
1                   02            AA UBMA7WL1OABM6W8YEW255S0X2000       2A0P53N6920000000000                0189E1Q1HAPH2410220000000066162        01 040922   02                     L2QPEPKJUS0000000018723             0281374567000120Lenufon Farafapi                        Rua: Pebugo Cipadufu                                93324880Citecer Rocetofa                              72243227000179X109PR2HXLDA53W1PG4UQDJTX3F1A18ADRT66996I393000055
1                   02            AA Q7HMCWWYUX3SPXG8OKOONJCW6000       7WR17B3NG50000000000                0189E1Q1HAPH0111220000000002420        01 040922   02                     R51UNPGMHV0000000001936             0281374567000120Lenufon Farafapi                        Rua: Pebugo Cipadufu                                93324880Citecer Rocetofa                              72243227000179EV499L88F9IOWPKPVU28ERBB71HQ2P9S6TSWAC5QVJ8A000056
1                   02            AA 7R1G8YXPVJCA4FG4JI7HN6CYV000       18K1TBXHKJ0000000000                0189E1Q1HAPH1411220000000027816        01 040922   02                     W2DMXJXKL10000000001936             0281374567000120Lenufon Farafapi                        Rua: Pebugo Cipadufu                                93324880Citecer Rocetofa                              72243227000179S3FA80YVEK67JN5X3PGE9Q2KLH9LSK56AEN6ORWJGWRC000057
1                   02            AA PX40MBBVFSRFWJ8LD51HG9C1X000       4WE2JL15I90000000000                0189E1Q1HAPH1211220000000038221        01 040922   02                     4YR6X31GIP0000000022253             0281374567000120Lenufon Farafapi                        Rua: Pebugo Cipadufu                                93324880Citecer Rocetofa                              72243227000179IR4BP04D0OOV72EKRV85D1TR03Q143H6NS2K2M7BW8E7000058
1                   02            AA 0GXL05TF09RVJD9NAOESH0WJK000       W4OD1WNAQK0000000000                0189E1Q1HAPH2110220000000075262        01 040922   02                     AWFCU7RV1J0000000030577             0281374567000120Lenufon Farafapi                        Rua: Pebugo Cipadufu                                93324880Citecer Rocetofa                              72243227000179A6EQM5UHOCYRWJM7F112MOFFOOJH7K4GHBO636MUH70N000059
1                   02            AA OW3O2I1C3HV7GSDXYMAYK5P73000       MJY8Q9FY0X0000000000                0189E1Q1HAPH2011220000000076165        01 040922   02                     HXBE8EOK4P0000000060210             0281374567000120Lenufon Farafapi                        Rua: Pebugo Cipadufu                                93324880Citecer Rocetofa                              722432270001793W2BFSAUQI28L53MN97H6YJ1XXYE1L5063RPBRF93DGR000060
1                   02            AA 850FN8L5QGOWU62D5HBICHDPJ000       B1KK1TLTEF0000000000                0189E1Q1HAPH0511220000000037095        01 040922   02                     YTF022J8I30000000029676             0281374567000120Lenufon Farafapi                        Rua: Pebugo Cipadufu                                93324880Citecer Rocetofa                              72243227000179K9VEIGPX6HM67CW7ASI9D5W4P9HMOW2LJFQO83RLPAES000061
1                   02            AA 84D4ICC1EFMPIG954WLIGNL5V000       U5WERXHY5T0000000000                0189E1Q1HAPH1111220000000020926        01 040922   02                     IMN7FKGKV80000000016741             0281374567000120Lenufon Farafapi                        Rua: Pebugo Cipadufu                                93324880Citecer Rocetofa                              722432270001790OPXAJB1YGCOKBT5YWX5GAYYVV4B1TYSX3P87SX298B7000062
1                   02            AA VAVR3IWEJEYAUM4OPO1DUSDQG000       MFVK4KVIFO0000000000                0189E1Q1HAPH2711220000000004638        01 040922   02                     MWOG1008120000000003710             0281374567000120Lenufon Farafapi                        Rua: Pebugo Cipadufu                                93324880Citecer Rocetofa                              72243227000179WGGQI55DSTKOO6UR8PP41UCQ9SAUXO2Y21U0BK1USJO6000063
1                   02            AA 41NJTUCGIBC7D6351HA5GE45M000       W9272CHY380000000000                0189E1Q1HAPH0411220000000107687        01 040922   02                     P8D90VF9C10000000003710             0281374567000120Lenufon Farafapi                        Rua: Pebugo Cipadufu                                93324880Citecer Rocetofa                              72243227000179CPNE1K903XLP07TFT0DNFOH95OHVM61577GUWHD291RF000064
1                   02            AA 3MTO9S6FA8DF959XHKJVNW8PT000       YUDRJCXQ320000000000                0189E1Q1HAPH1011220000000057387        01 040922   02                     3YBATDHSWV0000000045910             0281374567000120Lenufon Farafapi                        Rua: Pebugo Cipadufu                                93324880Citecer Rocetofa                              72243227000179G8J4FBVDI2SG55ECXPXQXUUUJH2J713GER5VN3L4H11U000065
1                   02            AA CV84FSJ9DBQKVP7V2X6XT8OJU000       1PS9YQ5B670000000000                0189E1Q1HAPH3010220000000113440        01 040922   02                     P5HMMQJDRS0000000045910             0281374567000120Lenufon Farafapi                        Rua: Pebugo Cipadufu                                93324880Citecer Rocetofa                              722432270001795A4HU7FG0G5SYYSR3UBBRCUOIGPGC2G0HCE8RX1WIW1A000066
1                   02            AA YAEU7CKBS2DT855HJA9MPNRWD000       U31M7QPRC40000000000                0189E1Q1HAPH0412220000000029443        01 040922   02                     11DE8V6ORH0000000023554             0281374567000120Lenufon Farafapi                        Rua: Pebugo Cipadufu                                93324880Citecer Rocetofa                              72243227000179VVKPH4R95XXUC9IDLHGSXQATKQAEYR4A1MKRVQ8LOU6C000067
1                   02            AA JQ8DOAJ1OBXXQN0XW0YP9MQ0E000       LAQX9KWSXD0000000000                0189E1Q1HAPH1811220000000036104        01 040922   02                     93MOY9X6RN0000000023554             0281374567000120Lenufon Farafapi                        Rua: Pebugo Cipadufu                                93324880Citecer Rocetofa                              72243227000179QW68W0H01ACF7EC6FAEN2R0B0YOHK30K4KWRGJ01DRWW000068
1                   02            AA 6EFNU9926RYYKHFGWMPCOM5HD000       Q2VATC3UX20000000000                0189E1Q1HAPH0411220000000017351        01 040922   02                     F7S6YOPY270000000013881             0281374567000120Lenufon Farafapi                        Rua: Pebugo Cipadufu                                93324880Citecer Rocetofa                              722432270001794LBEU3227PLSECXCCS33H3PR9FF0GFS11M6QXVK4ODFV000069
1                   02            AA C9CO3FEA5NEMRU3LBKNLOWUND000       L51O0OYIL30000000000                0189E1Q1HAPH0611220000000010901        01 040922   02                     Y0QCDI6ETH0000000008721             0281374567000120Lenufon Farafapi                        Rua: Pebugo Cipadufu                                93324880Citecer Rocetofa                              72243227000179ET2YYQ0R4TDNJB8RHTA636UM4X22GQB90GVQRCIUBQ6A000070
1                   02            AA 2PSVLIOH60CMK031Q2INPFJMS000       EHCT9VQWX50000000000                0189E1Q1HAPH2210220000000020300        01 040922   02                     THSPQ14JIS0000000008721             0281374567000120Lenufon Farafapi                        Rua: Pebugo Cipadufu                                93324880Citecer Rocetofa                              7224322700017933ERMTS0HVXGLWA07055LBM147G7XM3QJM9ABQ31FALE000071
1                   02            AA QT94UGLB5KX1SBS00VHNNI0FU000       Q9XG4NP03M0000000000                0189E1Q1HAPH3010220000000041397        01 040922   02                     NMCKF97DLT0000000016240             0281374567000120Lenufon Farafapi                        Rua: Pebugo Cipadufu                                93324880Citecer Rocetofa                              72243227000179I355SN0G8MMG2FO7B9D984I8MR60DE9SDURJ6FCJLI31000072
1                   02            AA 86DQOVMWL34ECWGR3W8T4FT4P000       W705DSYSW00000000000                0189E1Q1HAPH2310220000000113448        01 040922   02                     4WGFSGQ8NS0000000033118             0281374567000120Lenufon Farafapi                        Rua: Pebugo Cipadufu                                93324880Citecer Rocetofa                              722432270001794PJCMGIUKRUXM3IWHVAEIHQXNJ9BG83A34RQIEQ8GJOR000073
1                   02            AA 5NM9HKNXE3HR4LB9K08RLLUA2000       Y1F1H9RAML0000000000                0189E1Q1HAPH1910220000000038629        01 040922   02                     VS71U8L4TH0000000030903             0281374567000120Lenufon Farafapi                        Rua: Pebugo Cipadufu                                93324880Citecer Rocetofa                              72243227000179FEQ50MPN1A4B07RVJW71INFN0TNAFK5CSJXJW8EQ5AGS000074
1                   02            AA Q517OO5QL4QYN4BH88J5TS6U5000       Y70JCYC1AX0000000000                0189E1Q1HAPH1611220000000002266        01 040922   02                     6K85848GDN0000000001813             0281374567000120Lenufon Farafapi                        Rua: Pebugo Cipadufu                                93324880Citecer Rocetofa                              72243227000179Q5GSPFMGB9BX93CYAX1NA6E9AQQ7VXDPL66O11M9Y9IW000075
1                   02            AA 97LAHMA3609JDEA6XE1BDTE8I000       UG13RH91JN0000000000                0189E1Q1HAPH0511220000000090657        01 040922   02                     EFM9MGAEU10000000001813             0281374567000120Lenufon Farafapi                        Rua: Pebugo Cipadufu                                93324880Citecer Rocetofa                              72243227000179YMKHCMSJIFIRDH562ANE31GW2CL03PXOEBTC44JTO55C000076
1                   02            AA LWCYX6SJCCSYMAFI4RCSD3EUR000       BM6SHGQIPY0000000000                0189E1Q1HAPH1411220000000001402        01 040922   02                     W0CESFANVG0000000001122             0281374567000120Lenufon Farafapi                        Rua: Pebugo Cipadufu                                93324880Citecer Rocetofa                              72243227000179N0MXQJW1U7DQPACB9UEH628D303FHSGRIBIPJNO4QAVV000077
1                   02            AA 582CX0DE7QE2DPNOU7S8YNG8E000       EUH31IJ9QD0000000000                0189E1Q1HAPH3110220000000014073        01 040922   02                     69XJ9GQ9OY0000000001122             0281374567000120Lenufon Farafapi                        Rua: Pebugo Cipadufu                                93324880Citecer Rocetofa                              72243227000179B0CDH3BRYSVPYIBHO8XUS34X8EAXIIOWYTE8U7KBY62C000078
1                   02            AA P419NWUQHI7GC0XSAJ0EH82PQ000       WNRJRL1NXO0000000000                0189E1Q1HAPH2311220000000037499        01 040922   02                     ADUQGM66570000000011258             0281374567000120Lenufon Farafapi                        Rua: Pebugo Cipadufu                                93324880Citecer Rocetofa                              7224322700017921O9KBM1FX2K903XFQV0AWBRFIWA5TT1R1GNACWA991X000079
1                   02            AA JNP1D21BTJNK28GKU0UY0THI7000       JJX45BSRRC0000000000                0189E1Q1HAPH0511220000000084255        01 040922   02                     9386G41XHQ0000000029999             0281374567000120Lenufon Farafapi                        Rua: Pebugo Cipadufu                                93324880Citecer Rocetofa                              72243227000179C5W1HGHXJM2Y2LSC9IPN4GSLFTGHY0QAAS0MYK0YQPII000080
1                   02            AA FSCT4VR9BWYG2XMBYRVMRC1F2000       WS8KTG2QEY0000000000                0189E1Q1HAPH1710220000000093112        01 040922   02                     N2YGCBNYDX0000000067404             0281374567000120Lenufon Farafapi                        Rua: Pebugo Cipadufu                                93324880Citecer Rocetofa                              72243227000179NL9ME0OJC7LQ4ROCR4VEW9C576TXSP18WYLYIKCFXYDJ000081
1                   02            AA C4HH4QKK3FRTJ6BQ0NX2RD24J000       7G5O20D6UP0000000000                0189E1Q1HAPH2210220000000008353        01 040922   02                     TVOCLRSCE80000000006682             0281374567000120Lenufon Farafapi                        Rua: Pebugo Cipadufu                                93324880Citecer Rocetofa                              722432270001795D40BGULC3G6SP3SSHFSVN0TEJ5REKTNRK6YB60YBPVL000082
1                   02            AA AABKSB1NSP2KXMFJ14HNCVMME000       6GH26MMRAW0000000000                0189E1Q1HAPH0211220000000108076        01 040922   02                     LCRNBYAERG0000000006682             0281374567000120Lenufon Farafapi                        Rua: Pebugo Cipadufu                                93324880Citecer Rocetofa                              72243227000179GVBJB39H6BMCLRPWBCRDGALO47IXAVOQ5SHP77OIH3NX000083
1                   02            AA 1URT8H6AK37ELGA0D4MU0LTGX000       T08YYCVM9E0000000000                0189E1Q1HAPH2110220000000063159        01 040922   02                     0CP9N0R5Q20000000050527             0281374567000120Lenufon Farafapi                        Rua: Pebugo Cipadufu                                93324880Citecer Rocetofa                              7224322700017927WRPKF0BLT5KBP7QSU3UL82SF1H7HCDHVAP9G4RBOGM000084
1                   02            AA J8HSH012E5XP3PF2ABV663K7G000       L6PG6KULXI0000000000                0189E1Q1HAPH2010220000000002630        01 040922   02                     2036WVWQBX0000000002104             0281374567000120Lenufon Farafapi                        Rua: Pebugo Cipadufu                                93324880Citecer Rocetofa                              72243227000179DKGBV6LOC6JJKPO5QM9BRPM6SMAGP52QOI9GEP8MB8X6000085
1                   02            AA AKRU36NE2L8WB9DPO0EC3B22V000       9YR22I34I90000000000                0189E1Q1HAPH0411220000000066863        01 040922   02                     RQQG62P3AC0000000002104             0281374567000120Lenufon Farafapi                        Rua: Pebugo Cipadufu                                93324880Citecer Rocetofa                              72243227000179SJ8HRAHQRI2N7W3X1KCT0GJK47NE60AGXF5QRBXKPRV7000086
1                   02            AA KOO78CL7VFDRUDU94AEPTHPPQ000       RK8OWORSFX0000000000                0189E1Q1HAPH0611220000000137335        01 040922   02                     35IE8TLYKA0000000053490             0281374567000120Lenufon Farafapi                        Rua: Pebugo Cipadufu                                93324880Citecer Rocetofa                              72243227000179I8GQWH5LTG6WXA4VSHSRA22BRJKW1G98JPR29NX4BC1E000087
1                   02            AA 4IGVTUBGQA5BB8845XL28N02A000       SU4QP77R1T0000000000                0189E1Q1HAPH0611220000000003838        01 040922   02                     7GKXJBK8270000000003070             0281374567000120Lenufon Farafapi                        Rua: Pebugo Cipadufu                                93324880Citecer Rocetofa                              72243227000179VF2DFBV5O4B6OK9FM9UU22ANTT51SIKFDWD1JE9V67M3000088
1                   02            AA KPI4N78R7SSV5YEE735PE2K62000       LGFDG07V870000000000                0189E1Q1HAPH2011220000000039231        01 040922   02                     4T4Q8FIT3B0000000003070             0281374567000120Lenufon Farafapi                        Rua: Pebugo Cipadufu                                93324880Citecer Rocetofa                              722432270001791HYFQJQOV78L0Q03KW4GATEPV4GKO7VOEVPEJYWJM3WP000089
1                   02            AA 9R12VVN2EFTIGKK6ISSSF6H0U000       QVW57W0QUK0000000000                0189E1Q1HAPH2310220000000012732        01 040922   02                     OKTSVSUG050000000010186             0281374567000120Lenufon Farafapi                        Rua: Pebugo Cipadufu                                93324880Citecer Rocetofa                              72243227000179NKPG2UHEEP3OQRGAWYQRFID1EXJ2E1AL28X54TNGPGHU000090
1                   02            AA 5IDRBGSVQEHBFP6IDOB17FQ1F000       BQM7DJM0FQ0000000000                0189E1Q1HAPH2811220000000141636        01 040922   02                     55PA4CM23L0000000010186             0281374567000120Lenufon Farafapi                        Rua: Pebugo Cipadufu                                93324880Citecer Rocetofa                              72243227000179KVYSX0Q709OPVMIOQYJ1UI9DWNS31GY88AFVOY19RDTB000091
1                   02            AA AKP0HWSXR8FHVE0M6C0HR7Y8D000       PMCSHNNMLX0000000000                0189E1Q1HAPH2110220000000023554        01 040922   02                     VMYIHP3H0P0000000018843             0281374567000120Lenufon Farafapi                        Rua: Pebugo Cipadufu                                93324880Citecer Rocetofa                              722432270001798ARWX1KFK62HS49EAA9HEAF7XB4I6SM729F0KCTXSP1F000092
1                   02            AA 2RNK2TT8I5ATEFH1HHLFOY3LK000       C9KCX4GGGF0000000000                0189E1Q1HAPH2210220000000031811        01 040922   02                     HEP4TNR15D0000000018843             0281374567000120Lenufon Farafapi                        Rua: Pebugo Cipadufu                                93324880Citecer Rocetofa                              72243227000179S75G657DQ5MMBBMJJXX2HMMPX8ED13SE56YM5H3RHIAN000093
1                   02            AA I9EQJ4OAI8TO2AUII3IC5P2XB000       9BGEI7LMII0000000000                0189E1Q1HAPH2211220000000121404        01 040922   02                     0VYSW9YQX70000000025449             0281374567000120Lenufon Farafapi                        Rua: Pebugo Cipadufu                                93324880Citecer Rocetofa                              72243227000179QJ25JF32TBI848FYFVRT2699O6L54JHCI04NFOB5S3WR000094
1                   02            AA RBCER85VJM2I2FVQFEJFHT7QC000       D81HDKXT560000000000                0189E1Q1HAPH1910220000000008222        01 040922   02                     GIIIUSYIEK0000000006578             0281374567000120Lenufon Farafapi                        Rua: Pebugo Cipadufu                                93324880Citecer Rocetofa                              7224322700017955L4XGFG9ER516LYHVHPBM7RGQLW0WLV08PICDV4D8OA000095
1                   02            AA VLB49UIIN3GL41M8W9XI5XQCV000       6X9OBQPQXC0000000000                0189E1Q1HAPH0212220000000030694        01 040922   02                     0BTLM53YLX0000000006578             0281374567000120Lenufon Farafapi                        Rua: Pebugo Cipadufu                                93324880Citecer Rocetofa                              7224322700017938T96851SAFVF6D8KVK8VNXHXUW0QKNTE9KWF2VUDTAJ000096
1                   02            AA N1X1LCN5EIXGVWWTT746LKYFC000       RK5KVPT7440000000000                0189E1Q1HAPH1811220000000029909        01 040922   02                     HGMO6GADN20000000024555             0281374567000120Lenufon Farafapi                        Rua: Pebugo Cipadufu                                93324880Citecer Rocetofa                              72243227000179UE6FC7HY4KO5QI3QMJGAXEUBXUERSQQ6FNMRJ2BLAIQB000097
1                   02            AA GJKBWXM4BFBJ2JLE8DVX14FJC000       66EBOGL7CT0000000000                0189E1Q1HAPH2111220000000153828        01 040922   02                     11OTA3PH9M0000000023927             0281374567000120Lenufon Farafapi                        Rua: Pebugo Cipadufu                                93324880Citecer Rocetofa                              72243227000179PV4M8L9O7UNPKXW2UKSDSLG40DAG9PXNSTM5M9FFYT8C000098
1                   02            AA H4CN1KUJ9Q7NYA4BLI9TLSD0Y000       IYD0UXWSJ50000000000                0189E1Q1HAPH1911220000000042967        01 040922   02                     K0DBMPBPLC0000000034374             0281374567000120Lenufon Farafapi                        Rua: Pebugo Cipadufu                                93324880Citecer Rocetofa                              7224322700017967C1WBG8HGK310898LN6KX5O02IARA7FP1WPBO6LYRM9000099
1                   02            AA F404EULVF11RSW2YUPQH5CW1G000       H4FUK0941K0000000000                0189E1Q1HAPH2911220000000050399        01 040922   02                     FEGXR0Q20D0000000034374             0281374567000120Lenufon Farafapi                        Rua: Pebugo Cipadufu                                93324880Citecer Rocetofa                              72243227000179ICJD0F7K4A4FMLDOFNCNHGY4X0IOREPYO6G0GVWGSIS9000100
1                   02            AA TWLQYXXD7XYK7SH7R222M1J8B000       0WHFF1XW8M0000000000                0189E1Q1HAPH0111220000000040845        01 040922   02                     P6I40QW8BI0000000040319             0281374567000120Lenufon Farafapi                        Rua: Pebugo Cipadufu                                93324880Citecer Rocetofa                              722432270001792CR32F8BGSYHQ02VX4R2FG32DFE4QMNHT9HKQGVAO45M000101
9                                                                                                                                                                                                                                                                                                                                                                                                                                                     000102
